# delete this
@Article{einstein2016,
  author = 	 {Einstein, Albert},
  title = 	 {On the Relative Value of Relatives},
  journal = 	 {J. Irreproducible Results},
  year = 	 {2016},
  volume = 	 {17},
  pages = 	 {4711--4721}
}

# delete this
@InProceedings{heisenberg2015,
  author = 	 {Heisenberg, Werner and Dirac, Paul},
  title = 	 {To be or not to be},
  booktitle =    {Proceedings of the Uncertain Society Annual Meeting},
  year = 	 {2015},
  editor = 	 {Schrödinger, Erwin},
  pages =	 {21--22}
}

@article{awate2018detection,
  title={Detection of Alzheimers Disease from MRI using Convolutional Neural Network with Tensorflow},
  author={Awate, Gururaj and Bangare, Sunil and Pradeepini, G and Patil, S},
  journal={arXiv preprint arXiv:1806.10170},
  year={2018}
}

@inproceedings{huang2017densely,
  title={Densely connected convolutional networks},
  author={Huang, Gao and Liu, Zhuang and Van Der Maaten, Laurens and Weinberger, Kilian Q},
  booktitle={Proceedings of the IEEE conference on computer vision and pattern recognition},
  pages={4700--4708},
  year={2017}
}

@inproceedings{islam2017novel,
  title={A novel deep learning based multi-class classification method for Alzheimer’s disease detection using brain MRI data},
  author={Islam, Jyoti and Zhang, Yanqing},
  booktitle={International Conference on Brain Informatics},
  pages={213--222},
  year={2017},
  organization={Springer}
}

@inproceedings{islam2018early,
  title={Early Diagnosis of Alzheimer's Disease: A Neuroimaging Study with Deep Learning Architectures},
  author={Islam, Jyoti and Zhang, Yanqing},
  booktitle={Proceedings of the IEEE Conference on Computer Vision and Pattern Recognition Workshops},
  pages={1881--1883},
  year={2018}
}

@inproceedings{krizhevsky2012imagenet,
  title={Imagenet classification with deep convolutional neural networks},
  author={Krizhevsky, Alex and Sutskever, Ilya and Hinton, Geoffrey E},
  booktitle={Advances in neural information processing systems},
  pages={1097--1105},
  year={2012}
}

@article{lamontagne2018oasis,
  title={OASIS-3: LONGITUDINAL NEUROIMAGING, CLINICAL, AND COGNITIVE DATASET FOR NORMAL AGING AND ALZHEIMER’S DISEASE},
  author={LaMontagne, Pamela J and Keefe, Sarah and Lauren, Wallace and Xiong, Chengjie and Grant, Elizabeth A and Moulder, Krista L and Morris, John C and Benzinger, Tammie LS and Marcus, Daniel S},
  journal={Alzheimer's \& Dementia: The Journal of the Alzheimer's Association},
  volume={14},
  number={7},
  pages={P1097},
  year={2018},
  publisher={Elsevier}
}

@article{marcus2010open,
  title={Open access series of imaging studies: longitudinal MRI data in nondemented and demented older adults},
  author={Marcus, Daniel S and Fotenos, Anthony F and Csernansky, John G and Morris, John C and Buckner, Randy L},
  journal={Journal of cognitive neuroscience},
  volume={22},
  number={12},
  pages={2677--2684},
  year={2010},
  publisher={MIT Press}
}

@article{silver2018general,
  title={A general reinforcement learning algorithm that masters chess, shogi, and Go through self-play},
  author={Silver, David and Hubert, Thomas and Schrittwieser, Julian and Antonoglou, Ioannis and Lai, Matthew and Guez, Arthur and Lanctot, Marc and Sifre, Laurent and Kumaran, Dharshan and Graepel, Thore and others},
  journal={Science},
  volume={362},
  number={6419},
  pages={1140--1144},
  year={2018},
  publisher={American Association for the Advancement of Science}
}
